% ....názov súboru je: literatura.bib
% kniha
@book{Coplien:MPD,
	author = "James O. Coplien",
	title = "Multi-Paradigm Design for C++",
	publisher = "Addison-Wesley",
	year = 1999
}

% článok v časopise
@article{Czarnecki:Staged,
    author = "Krzysztof Czarnecki and Simon Helsen and Ulrich Eisenecker",
    title = "Staged Configuration Through Specialization and Multi-Level Configuration of Feature Models",
    journal = "Software Process: Improvement and Practice",
    volume = 10,
    issue = 2,
    month = apr # "/" # jun,
    year = "2005",
    pages = "143--169",
}

% článok v zborníku
@inproceedings{Czarnecki:Progress,
	author = "Krzysztof Czarnecki and Chang Hwan Peter Kim",
	title = "Cardinality-Based Feature Modeling and Constraints: A Progress Report",
	booktitle = "International Workshop on Software Factories, OOPSLA 2005",
	month = oct,
	year = "2005",
	address = "San Diego, USA",
}

% technická správa (nepublikovaná)
@techreport{Kang:FODA,
	author = "Kyo C. Kang and Sholom G. Cohen and James A. Hess and William E. Novak and A. Spencer Peterson",
	title = "Feature-Oriented Domain Analysis ({FODA}): A Feasibility Study",
	institution = "Software Engineering Institute, Carnegie Mellon University",
	address = "Pittsburgh, USA",
	month = nov,
	year = 1990,
	number = "CMU/SEI-90-TR-21",
}

% zdroj na webe
@misc{PLP-Framework,
	author = "Software Engineering Institute, Carnegie Mellon University",
	title = "A Framework for Software Product Line Practice---Version 5.0",
	howpublished = "\url{http://www.sei.cmu.edu/productlines/frame_report/}",
}
% zdroj na webe
@misc{quick_review,
  author={Ray, Susmita},
  booktitle={2019 International Conference on Machine Learning, Big Data, Cloud and Parallel Computing (COMITCon)}, 
  title={A Quick Review of Machine Learning Algorithms}, 
  year={2019},
  volume={},
  number={},
  pages={35-39},
  doi={10.1109/COMITCon.2019.8862451}
}

@misc{GPT3,
   author={Floridi, Luciano and Chiriatti, Massimo},
   title="GPT-3: Its Nature, Scope, Limits, and Consequences",
   year={2020},
   booktitle={Minds and Machines},
   doi={10.1007/s11023-020-09548-1}

}
@misc{heart_disease,
  author={Sujatha, P. and Mahalakshmi, K.},
  booktitle={2020 IEEE International Conference for Innovation in Technology (INOCON)}, 
  title={Performance Evaluation of Supervised Machine Learning Algorithms in Prediction of Heart Disease}, 
  year={2020},
  volume={},
  number={},
  pages={1-7},
  doi={10.1109/INOCON50539.2020.9298354}}

@misc{bayes_equation,
   author={Hayes, Adam},
   title={Bayes' Theorem Definition},
   year={2020},
   howpublished="\url{https://www.investopedia.com/terms/b/bayes-theorem.asp}"
}

@misc{neural_network_image,
    author={Fuertes, Tania},
    title="Outliers detection with autoencoder, a neural network",
    howpublished="\url{https://quantdare.com/outliers-detection-with-autoencoder-neural-network/}"
}


